@misc{Vardeman602 ,
  Author = {Vardeman, Stephen},
  Institution = {Iowa State University University},
  Howpublished = {University Lecture},
  Year = {2013},
  Title = {Lecture Notes on Modern Multivariate Statistical Learning}
}

@techreport{handcock2003assessing,
  title={Assessing degeneracy in statistical models of social networks},
  author={Handcock, Mark S and Robins, Garry and Snijders, Tom AB and Moody, Jim and Besag, Julian},
  year={2003},
  institution={Working paper}
}

@article{Swart198517,
title = "Finding the convex hull facet by facet ",
journal = "Journal of Algorithms ",
volume = "6",
number = "1",
pages = "17 - 48",
year = "1985",
note = "",
issn = "0196-6774",
doi = "http://dx.doi.org/10.1016/0196-6774(85)90017-3",
url = "http://www.sciencedirect.com/science/article/pii/0196677485900173",
author = "Garret Swart"
}

@article{Avis1997265,
title = "How good are convex hull algorithms? ",
journal = "Computational Geometry ",
volume = "7",
number = "5â€“6",
pages = "265 - 301",
year = "1997",
note = "11th \{ACM\} Symposium on Computational Geometry ",
issn = "0925-7721",
doi = "http://dx.doi.org/10.1016/S0925-7721(96)00023-5",
url = "http://www.sciencedirect.com/science/article/pii/S0925772196000235",
author = "David Avis and David Bremner and Raimund Seidel",
keywords = "Convex hulls",
keywords = "Vertex enumeration",
keywords = "Convex polytopes",
keywords = "Triangulation complexity",
keywords = "Lattice complexity "
}

@Manual{r-geometry,
    title = {geometry: Mesh generation and surface tesselation},
    author = {C. B. Barber and Kai Habel and Raoul Grasman and Robert B. Gramacy and Andreas Stahel and David C. Sterratt},
    year = {2014},
    note = {R package version 0.3-4},
    url = {http://CRAN.R-project.org/package=geometry},
  }

@Manual{r,
    title = {R: A Language and Environment for Statistical Computing},
    author = {{R Core Team}},
    organization = {R Foundation for Statistical Computing},
    address = {Vienna, Austria},
    year = {2014},
    url = {http://www.R-project.org/},
  }

@article{schweinberger2011instability,
  title={Instability, sensitivity, and degeneracy of discrete exponential families},
  author={Schweinberger, Michael},
  journal={Journal of the American Statistical Association},
  volume={106},
  number={496},
  pages={1361--1370},
  year={2011},
  publisher={Taylor \& Francis}
}