@article{salakhutdinov2012efficient,
  title={An efficient learning procedure for deep Boltzmann machines},
  author={Salakhutdinov, Ruslan and Hinton, Geoffrey},
  journal={Neural computation},
  volume={24},
  number={8},
  pages={1967--2006},
  year={2012},
  publisher={MIT Press}
}

@inproceedings{salakhutdinov2009deep,
  title={Deep boltzmann machines},
  author={Salakhutdinov, Ruslan and Hinton, Geoffrey E},
  booktitle={International Conference on Artificial Intelligence and Statistics},
  pages={448--455},
  year={2009}
}

@book{friedman2001elements,
  title={The elements of statistical learning},
  author={Friedman, Jerome and Hastie, Trevor and Tibshirani, Robert},
  volume={1},
  year={2001},
  publisher={Springer series in statistics Springer, Berlin}
}

@article{schweinberger2011instability,
  title={Instability, sensitivity, and degeneracy of discrete exponential families},
  author={Schweinberger, Michael},
  journal={Journal of the American Statistical Association},
  volume={106},
  number={496},
  pages={1361--1370},
  year={2011},
  publisher={Taylor \& Francis}
}

@techreport{handcock2003assessing,
  title={Assessing degeneracy in statistical models of social networks},
  author={Handcock, Mark S and Robins, Garry and Snijders, Tom AB and Moody, Jim and Besag, Julian},
  year={2003},
  institution={Working paper}
}

@article{kaiser2007statistical,
  title={Statistical Dependence in Markov Random Field Models},
  author={Kaiser, Mark S},
  journal={Statistics Preprints},
  volume={Paper 57},
  year={2007},
  publisher={Digital Repository @ Iowa State University},
  url={http://lib.dr.iastate.edu/stat_las_preprints/57}
}

