@article{hinton2006fast,
  title={A fast learning algorithm for deep belief nets},
  author={Hinton, Geoffrey E and Osindero, Simon and Teh, Yee-Whye},
  journal={Neural computation},
  volume={18},
  number={7},
  pages={1527--1554},
  year={2006},
  publisher={MIT Press}
}

@incollection{smolensky1986information,
 author = {Smolensky, P.},
 chapter = {Information Processing in Dynamical Systems: Foundations of Harmony Theory},
 title = {Parallel Distributed Processing: Explorations in the Microstructure of Cognition, Vol. 1},
 editor = {Rumelhart, David E. and McClelland, James L. and PDP Research Group, CORPORATE},
 year = {1986},
 isbn = {0-262-68053-X},
 pages = {194--281},
 numpages = {88},
 url = {http://dl.acm.org/citation.cfm?id=104279.104290},
 acmid = {104290},
 publisher = {MIT Press},
 address = {Cambridge, MA, USA},
} 


@article{salakhutdinov2012efficient,
  title={An efficient learning procedure for deep Boltzmann machines},
  author={Salakhutdinov, Ruslan and Hinton, Geoffrey},
  journal={Neural computation},
  volume={24},
  number={8},
  pages={1967--2006},
  year={2012},
  publisher={MIT Press}
}

@inproceedings{salakhutdinov2009deep,
  title={Deep boltzmann machines},
  author={Salakhutdinov, Ruslan and Hinton, Geoffrey E},
  booktitle={International Conference on Artificial Intelligence and Statistics},
  pages={448--455},
  year={2009}
}

@book{friedman2001elements,
  title={The elements of statistical learning},
  author={Friedman, Jerome and Hastie, Trevor and Tibshirani, Robert},
  volume={1},
  year={2001},
  publisher={Springer series in statistics Springer, Berlin}
}

@article{schweinberger2011instability,
  title={Instability, sensitivity, and degeneracy of discrete exponential families},
  author={Schweinberger, Michael},
  journal={Journal of the American Statistical Association},
  volume={106},
  number={496},
  pages={1361--1370},
  year={2011},
  publisher={Taylor \& Francis}
}

@techreport{handcock2003assessing,
  title={Assessing degeneracy in statistical models of social networks},
  author={Handcock, Mark S and Robins, Garry and Snijders, Tom AB and Moody, Jim and Besag, Julian},
  year={2003},
  institution={Working paper}
}

@article{kaiser2007statistical,
  title={Statistical Dependence in Markov Random Field Models},
  author={Kaiser, Mark S},
  journal={Statistics Preprints},
  volume={Paper 57},
  year={2007},
  publisher={Digital Repository @ Iowa State University},
  url={http://lib.dr.iastate.edu/stat_las_preprints/57/}
}


@phdthesis{zhou2014some,
    title    = {Some Bayesian and multivariate analysis methods in statistical machine learning and applications},
    school   = {Iowa State University},
    author   = {Zhou, Wen},
    year     = {2014},
    url = {http://lib.dr.iastate.edu/etd/13816/},
    volume={Paper 13816},
  	publisher={Graduate Theses and Dissertations}
}

@phdthesis{li2014biclustering,
    title    = {Biclustering methods and a Bayesian approach to fitting Boltzmann machines in statistical learning},
    school   = {Iowa State University},
    author   = {Li, Jing},
    year     = {2014},
    url = {http://lib.dr.iastate.edu/etd/14173/},
    volume={Paper 14173},
  	publisher={Graduate Theses and Dissertations}
}
